<?xml version="1.0" encoding="UTF-8"?>
<record xmlns="http://www.loc.gov/MARC21/slim">
   <leader>01376cam a2200337Mi 4500</leader>
   <controlfield tag="001">3008095</controlfield>
   <controlfield tag="003">NjP</controlfield>
   <controlfield tag="005">20190705145235.0</controlfield>
   <controlfield tag="008">870625s1970    iq c          000 0 arax </controlfield>
   <datafield tag="024" ind1="7" ind2=" ">
      <subfield code="a">princeton_aco004303</subfield>
      <subfield code="2">local</subfield>
   </datafield>
   <datafield ind1=" " ind2=" " tag="010">
      <subfield code="a">   77960997 </subfield>
   </datafield>
   <datafield ind1=" " ind2=" " tag="040">
      <subfield code="a">DLC</subfield>
      <subfield code="c">PUL</subfield>
      <subfield code="d">PUL</subfield>
   </datafield>
   <datafield ind1=" " ind2=" " tag="035">
      <subfield code="9">CPQ6535TS</subfield>
   </datafield>
   <datafield ind1=" " ind2=" " tag="035">
      <subfield code="a">(NjP)3008095</subfield>
   </datafield>
   <datafield ind1="0" ind2=" " tag="050">
      <subfield code="a">PJ7860.A84</subfield>
      <subfield code="b">Z86</subfield>
   </datafield>
   <datafield ind1=" " ind2=" " tag="049">
      <subfield code="a">PULL</subfield>
   </datafield>
   <datafield ind1=" " ind2=" " tag="035">
      <subfield code="a">(OCoLC)ocm18358739</subfield>
   </datafield>
   <datafield ind1="1" ind2=" " tag="100">
      <subfield code="6">880-01</subfield>
      <subfield code="a">Rāwī, Sharqīyah,</subfield>
      <subfield code="d">1942-</subfield>
   </datafield>
   <datafield ind1="1" ind2="0" tag="245">
      <subfield code="6">880-02</subfield>
      <subfield code="a">Lil-Shaʻb qaḍīyah /</subfield>
      <subfield code="c">Sharqīyah al-Rāwī.</subfield>
   </datafield>
   <datafield ind1=" " ind2=" " tag="260">
      <subfield code="6">880-03</subfield>
      <subfield code="a">Baghdād :</subfield>
      <subfield code="b">al-Dār al-Qawmīyah,</subfield>
      <subfield code="c">1970.</subfield>
   </datafield>
   <datafield ind1=" " ind2=" " tag="300">
      <subfield code="a">100 p. ;</subfield>
      <subfield code="b">port. ;</subfield>
      <subfield code="c">17 cm.</subfield>
   </datafield>
   <datafield ind1=" " ind2=" " tag="500">
      <subfield code="a">In Arabic.</subfield>
   </datafield>
   <datafield ind1=" " ind2=" " tag="500">
      <subfield code="6">880-04</subfield>
      <subfield code="a">"Bi-munāsabat al-dhikrá al-thālithah li-wafāt faqīd al-ʻUrūbah al-Shāʻir al-ʻIrāqī ʻAdnān al-Rāwī."</subfield>
   </datafield>
   <datafield ind1="1" ind2="0" tag="600">
      <subfield code="6">880-05</subfield>
      <subfield code="a">Rāwī, ʻAdnān</subfield>
      <subfield code="x">Criticism and interpretation.</subfield>
   </datafield>
   <datafield ind1="1" ind2=" " tag="880">
      <subfield code="6">100-01/r</subfield>
      <subfield code="a">راوي، شرقية،</subfield>
      <subfield code="d">1942-</subfield>
   </datafield>
   <datafield ind1="1" ind2="0" tag="880">
      <subfield code="6">245-02/r</subfield>
      <subfield code="a">للشعب قضية /</subfield>
      <subfield code="c">شرقية الراوي.</subfield>
   </datafield>
   <datafield ind1=" " ind2=" " tag="880">
      <subfield code="6">260-03/r</subfield>
      <subfield code="a">بغداد :</subfield>
      <subfield code="b">الدار القومية،</subfield>
      <subfield code="c">1970.</subfield>
   </datafield>
   <datafield ind1=" " ind2=" " tag="880">
      <subfield code="6">500-04/r</subfield>
      <subfield code="a">"بمناسبة الذكرى الثالثة لوفات فقيد العروبة الشاعر العراقي عدنان الراوي."</subfield>
   </datafield>
   <datafield ind1="1" ind2="0" tag="880">
      <subfield code="6">600-05/r</subfield>
      <subfield code="a">راوي، عدنان</subfield>
      <subfield code="x">Criticism and interpretation.</subfield>
   </datafield>
   <datafield ind1=" " ind2=" " tag="911">
      <subfield code="a">20000603</subfield>
   </datafield>
   <datafield ind1=" " ind2=" " tag="994">
      <subfield code="a">C0</subfield>
      <subfield code="b">PUL</subfield>
   </datafield>
   <datafield ind1=" " ind2=" " tag="999">
      <subfield code="a">3008095</subfield>
   </datafield>
   <datafield ind1=" " ind2=" " tag="979">
      <subfield code="a">(OCoLC)ocn178207697</subfield>
   </datafield>
   <datafield ind1="0" ind2="0" tag="852">
      <subfield code="0">3324174</subfield>
      <subfield code="b">rcppa</subfield>
      <subfield code="t">1</subfield>
      <subfield code="h">PJ7860.A84</subfield>
      <subfield code="i">Z86</subfield>
      <subfield code="x">tr fr arab</subfield>
   </datafield>
   <datafield ind1=" " ind2=" " tag="959">
      <subfield code="a">2004-11-16 10:47:30 -0500</subfield>
   </datafield>
</record>
